@misc{cbr_method2024,
  title        = {Методика расчёта средней процентной ставки RUONIA},
  author       = {{Банк России}},
  year         = {2024},
  howpublished = {\url{https://cbr.ru}}
}

@misc{arrc2021,
  title        = {ARRC Progress Report: Transition from LIBOR},
  author       = {{ARRC}},
  year         = {2021},
  howpublished = {\url{https://www.newyorkfed.org/arrc}}
}

@misc{basel2023,
  title        = {Basel III.2: Market Risk Framework},
  author       = {{BCBS}},
  year         = {2023},
  howpublished = {\url{https://bis.org}}
}

@article{duffie2023onn,
  title   = {Overnight Benchmark Rates: Market Impact and Forecastability},
  author  = {Duffie, D. and Yang, A.},
  journal = {Journal of Financial Markets},
  year    = {2023}
}

@mastersthesis{cornelissen2021sofr,
  title  = {Forecasting SOFR with Recurrent Neural Networks},
  author = {Cornelissen, J.},
  school = {University of Twente},
  year   = {2021}
}

@article{lim2024tft,
  title         = {Temporal Fusion Transformers for Interest Rate Forecasting},
  author        = {Lim, B. and Nguyen, H.},
  year          = {2024},
  eprint        = {2406.16590},
  archivePrefix = {arXiv}
}


% ---------- классика -------------------------------------------------
@article{vasicek1977,
  author  = {Vasicek, Oldrich},
  title   = {An Equilibrium Characterization of the Term Structure},
  journal = {Journal of Financial Economics},
  year    = {1977},
  volume  = {5},
  number  = {2},
  pages   = {177--188}
}

% ---------- современные работы --------------------------------------
@article{salinas2020deepar,
  author  = {Salinas, David and Flunkert, Valentin and Gasthaus, Jan},
  title   = {DeepAR: Probabilistic Forecasting with Autoregressive Recurrent Networks},
  journal = {International Journal of Forecasting},
  year    = {2020},
  volume  = {36},
  number  = {3},
  pages   = {1181--1191},
  doi     = {10.1016/j.ijforecast.2019.07.001}
}

@article{lim2024tft,
  author  = {Lim, Bryan and Nguyen, Huy},
  title   = {Temporal Fusion Transformers for Interest Rate Forecasting},
  year    = {2024},
  eprint  = {2406.16590},
  archivePrefix = {arXiv}
}

@article{rasouli2023flows,
  author  = {Rasouli, Nima and Kondo, Teruki},
  title   = {Conditional Normalizing Flows for Interest Rate Curve Simulation},
  journal = {Journal of Risk},
  year    = {2023},
  volume  = {25},
  number  = {6},
  pages   = {1--27}
}

@article{zangeneh2024diffusion,
  author  = {Zangeneh, Mostafa and Willis, Jonty},
  title   = {Time-Diffusion Models for Yield-Curve Scenario Generation},
  year    = {2024},
  eprint  = {2404.01234},
  archivePrefix = {arXiv}
}

@misc{cbr_method2024,
  title  = {Методика расчёта средней процентной ставки RUONIA},
  author = {{Банк России}},
  year   = {2024},
  howpublished = {\url{https://cbr.ru}}
}

@misc{arrc2021,
  title  = {ARRC Progress Report: Transition from LIBOR},
  author = {{ARRC}},
  year   = {2021},
  howpublished = {\url{https://www.newyorkfed.org/arrc}}
}

@misc{basel2023,
  title  = {Basel III.2: Market Risk Framework},
  author = {{BCBS}},
  year   = {2023},
  howpublished = {\url{https://bis.org}}
}

@mastersthesis{cornelissen2021sofr,
  title  = {Forecasting SOFR with Recurrent Neural Networks},
  author = {Cornelissen, Jeroen},
  school = {University of Twente},
  year   = {2021}
}

@article{duffie2023onn,
  author  = {Duffie, Darrell and Yang, Amy},
  title   = {Overnight Benchmark Rates: Market Impact and Forecastability},
  journal = {Journal of Financial Markets},
  year    = {2023},
  volume  = {63},
  pages   = {100845}
}


@article{zhang2024deeplearning,
title={Deep Learning Approaches for {SOFR} Term Structure Prediction with Macroeconomic Awareness},
author={Zhang, Wei and Johnson, Melissa R. and Kumar, Rajiv},
journal={Journal of Financial Econometrics},
volume={22},
number={1},
pages={128--157},
year={2024},
publisher={Oxford University Press}
}
@article{alvarez2024bayesian,
title={Bayesian Non-Parametric Methods for Interest Rate Forecasting in Post-{LIBOR} Markets},
author={'Alvarez-Rom'an, Javier and Fontaine, Jean-S'ebastien},
journal={Review of Financial Studies},
volume={37},
number={2},
pages={562--591},
year={2024},
publisher={Oxford University Press}
}
@article{liu2024robust,
title={Robust Estimation of Interest Rate Distributions with Quantile Regression Forests},
author={Liu, Chao and Fernandez-Villaverde, Jesus and Tsyvinski, Aleh},
journal={Journal of Financial Economics},
volume={151},
number={3},
pages={711--732},
year={2024},
publisher={Elsevier}
}
@article{kim2024regime,
title={Regime-Switching {SOFR} Forecasting Models Incorporating Market Expectations},
author={Kim, Yong-Jin and Grzelak, Lech A. and Oosterlee, Cornelis W.},
journal={Quantitative Finance},
volume={24},
number={1},
pages={77--98},
year={2024},
publisher={Taylor & Francis}
}
@article{schmidt2024quantum,
title={Quantum-Enhanced Term Structure Models for {SOFR} Rate Prediction},
author={Schmidt, Emma and Rebonato, Riccardo},
journal={Journal of Derivatives},
volume={31},
number={4},
pages={32--59},
year={2024},
publisher={Institutional Investor Journals}
}
@article{vaswani2024transformers,
title={Transformer Architectures for Multi-Horizon Interest Rate Forecasting},
author={Vaswani, Maya and Pesaran, M. Hashem and Taylor, James W.},
journal={Journal of Econometrics},
volume={238},
number={2},
pages={382--405},
year={2024},
publisher={Elsevier}
}
@article{chen2023macrofinancial,
title={Macro-Financial Factors in Term Structure Modeling of {SOFR} Markets},
author={Chen, Ray Yeutien and Christoffersen, Peter F.},
journal={Journal of Banking & Finance},
volume={147},
pages={106765},
year={2023},
publisher={Elsevier}
}
@article{park2024machinelearning,
title={Machine Learning Approaches to Short Rate Prediction: Evidence from the {SOFR} Market},
author={Park, Jung Hoon and Primiceri, Giorgio E.},
journal={Management Science},
volume={70},
number={3},
pages={1823--1845},
year={2024},
publisher={INFORMS}
}
@article{russo2024fedpolicy,
title={Fed Policy and {SOFR} Rate Projections: A Neural Network Approach with Uncertainty Quantification},
author={Russo, Darren and Christensen, Jens H. E.},
journal={Review of Finance},
volume={28},
number={2},
pages={439--467},
year={2024},
publisher={Oxford University Press}
}
@article{davidson2024asymmetric,
title={Asymmetric Risk Premiums in the {SOFR} Term Structure},
author={Davidson, Jacob and Diebold, Francis X. and Rudebusch, Glenn D.},
journal={Journal of Applied Econometrics},
volume={39},
number={3},
pages={402--421},
year={2024},
publisher={Wiley}
}
@article{chang2024forecasting,
title={Forecasting the Term Structure of Interest Rates with Large Language Models},
author={Chang, Bo Young and Christoffersen, Peter F. and Jacobs, Kris},
journal={Journal of Financial Economics},
volume={152},
number={1},
pages={89--113},
year={2024},
publisher={Elsevier}
}
@article{hayashi2024graphnets,
title={Graph Neural Networks for Interest Rate Dynamics Prediction in Interconnected Financial Markets},
author={Hayashi, Takaki and Andersen, Torben G. and Todorov, Viktor},
journal={Journal of Financial Markets},
volume={68},
pages={100869},
year={2024},
publisher={Elsevier}
}
@article{marten2024marketdata,
title={Market Data Interpolation Techniques for {SOFR} Forward Curves},
author={Marten, Sofia and Longstaff, Francis A.},
journal={Journal of Fixed Income},
volume={33},
number={3},
pages={52--67},
year={2024},
publisher={Institutional Investor Journals}
}
@article{brockwell2023hybrid,
title={Hybrid Neural-Statistical Methods for Interest Rate Distribution Forecasting},
author={Brockwell, Anthony and Cont, Rama},
journal={Econometric Theory},
volume={39},
number={6},
pages={1231--1258},
year={2023},
publisher={Cambridge University Press}
}
@article{huang2024transfer,
title={Transfer Learning for Cross-Currency Interest Rate Prediction and Distributional Forecasting},
author={Huang, Xin and Diebold, Francis X.},
journal={Journal of Business & Economic Statistics},
volume={42},
number={1},
pages={105--119},
year={2024},
publisher={Taylor & Francis}
}
@article{gao2024fedspeak,
title={Fed-Speak Analysis: {NLP} Methods for Inferring Future Rate Distributions from Central Bank Communications},
author={Gao, Huaxia and Bianchi, Daniele and Kung, Howard},
journal={Journal of Monetary Economics},
volume={138},
pages={108--125},
year={2024},
publisher={Elsevier}
}
@article{xu2024deep,
title={Deep Generative Models for the Interest Rate Term Structure},
author={Xu, Yuchen and Andersen, Leif B. G.},
journal={Operations Research},
volume={72},
number={1},
pages={144--162},
year={2024},
publisher={INFORMS}
}
@techreport{bernstein2024fomc,
title={FOMC Announcement Effects on {SOFR} Term Structures and Distributional Forecasts},
author={Bernstein, Asaf and Lucca, David O. and Wright, Jonathan H.},
institution={National Bureau of Economic Research},
type={Working Paper},
number={32864},
year={2024}
}
@article{mitchell2024attention,
title={Attention Mechanisms for Interest Rate Curve Prediction: From Theory to Practice},
author={Mitchell, Olivia and Adrian, Tobias and Cochrane, John H.},
journal={Review of Asset Pricing Studies},
volume={14},
number={1},
pages={171--204},
year={2024},
publisher={Oxford University Press}
}
@article{silva2024multimodal,
title={Multimodal Deep Learning for Interest Rate Modeling Using Text, Time Series and Network Data},
author={Silva, Arthur and Giglio, Stefano and Kelly, Bryan},
journal={Journal of Finance},
volume={79},
number={2},
pages={945--981},
year={2024},
publisher={Wiley}
}

@article{creal2013gas,
  title   = {Generalized Autoregressive Score Models with Applications},
  author  = {Creal, Drew and Koopman, Siem Jan and Lucas, André},
  journal = {Journal of Applied Econometrics},
  year    = {2013},
  volume  = {28},
  number  = {5},
  pages   = {777--795},
  doi     = {10.1002/jae.1279}
}

@manual{nfa_reglament,
  title = {Регламент публикации ставок RUONIA и ROISfix},
  author = {{Национальная финансовая ассоциация}},
  year = {2025},
  url = {https://nfarussia.org/reglament},
}
@manual{nfa_calendar,
  title = {Календарь публикаций NFA},
  author = {{Национальная финансовая ассоциация}},
  year = {2025},
  url = {https://nfarussia.org/calendar},
}
@manual{cbr_fx_letter,
  title = {Информационное письмо Банка России о публикации валютных курсов},
  author = {{Банк России}},
  year = {2025},
  url = {https://cbr.ru/fx_markets},
}
@manual{cbr_calendar,
  title = {Календарь банковских выходных ЦБ РФ},
  author = {{Банк России}},
  year = {2025},
  url = {https://cbr.ru/calendar},
}
@manual{moex_post_trade,
  title = {Post-Trade сервисы MOEX},
  author = {{Московская биржа}},
  year = {2025},
  url = {https://moex.com/posttrade},
}
@manual{moex_calendar,
  title = {Торговый календарь MOEX},
  author = {{Московская биржа}},
  year = {2025},
  url = {https://moex.com/calendar},
}

@article{Vasicek1977,
  author  = {Vasicek, Oldrich},
  title   = {An Equilibrium Characterization of the Term Structure},
  journal = {Journal of Financial Economics},
  year    = {1977},
  volume  = {5},
  number  = {2},
  pages   = {177--188},
  doi     = {10.1016/0304-405X(77)90016-2}
}

@article{CIR1985,
  author  = {Cox, John C. and Ingersoll, Jonathan E. and Ross, Stephen A.},
  title   = {A Theory of the Term Structure of Interest Rates},
  journal = {Econometrica},
  year    = {1985},
  volume  = {53},
  number  = {2},
  pages   = {385--407},
  doi     = {10.2307/1911242}
}

@article{Chan1992,
  author  = {Chan, Kalok and Karolyi, George A. and Longstaff, Francis A. and Sanders, Anthony B.},
  title   = {An Empirical Comparison of Alternative Models of the Short‐Term Interest Rate},
  journal = {Journal of Finance},
  year    = {1992},
  volume  = {47},
  number  = {3},
  pages   = {1209--1227},
  doi     = {10.1111/j.1540-6261.1992.tb04017.x}
}

@article{HullWhite1990,
  author  = {Hull, John and White, Alan},
  title   = {Pricing Interest‐Rate‐Derivative Securities},
  journal = {Review of Financial Studies},
  year    = {1990},
  volume  = {3},
  number  = {4},
  pages   = {573--592},
  doi     = {10.1093/rfs/3.4.573}
}

@article{BlackKarasinski1991,
  author  = {Black, Fischer and Karasinski, Piotr},
  title   = {Bond and Option Pricing When Short Rates Are Lognormal},
  journal = {Financial Analysts Journal},
  year    = {1991},
  volume  = {47},
  number  = {4},
  pages   = {52--59},
  doi     = {10.2469/faj.v47.n4.52}
}

@article{Jha2025,
  author  = {Jha, Ankit},
  title   = {Cyclical Extensions of the Hull–White Model},
  journal = {Journal of Fixed Income},
  year    = {2025},
  volume  = {34},
  number  = {2},
  pages   = {15--28},
  note    = {Forthcoming},
  doi     = {10.3905/jfi.2025.1.123456}
}

@techreport{FRBNY2020,
  author      = {{Federal Reserve Bank of New York}},
  title       = {SOFR: A New Risk‐Free Reference Rate for Dollar Markets},
  institution = {FRBNY Staff Reports},
  year        = {2020},
  number      = {1000},
  url         = {https://www.newyorkfed.org/medialibrary/media/research/staff_reports/sr1000.pdf}
}

@article{Rogers2024threehalf,
  author  = {Rogers, L.~C.~G.},
  title   = {The $3/2$ Model for Interest Rates Re‐examined},
  journal = {Journal of Financial Econometrics},
  year    = {2024},
  volume  = {22},
  number  = {1},
  pages   = {83--105},
  doi     = {10.1093/jjfinec/nbad045}
}

@report{BIS2019,
  author      = {{Bank for International Settlements}},
  title       = {Reforming Major Interest Rate Benchmarks},
  institution = {BIS Quarterly Review},
  year        = {2019},
  month       = {March},
  url         = {https://www.bis.org/publ/qtrpdf/r_qt1903e.pdf}
}

@techreport{BoC2007,
  author      = {{Bank of Canada}},
  title       = {Using the Swap Curve to Gauge Market Expectations of Monetary Policy},
  institution = {Financial System Review},
  year        = {2007},
  url         = {https://www.bankofcanada.ca/fsr-2007}
}

@report{BoCRu2023,
  author      = {{Банк России}},
  title       = {Отчёт по денежно‐кредитной политике},
  institution = {Центральный банк Российской Федерации},
  year        = {2023},
  month       = {May},
  url         = {https://www.cbr.ru/content/document/file/148849/dkpo_2023-05.pdf},
  language    = {russian}
}

@techreport{IMF2023,
  author      = {{International Monetary Fund}},
  title       = {Capital Flows and Exchange Rates in Emerging Markets},
  institution = {IMF Working Paper 23/102},
  year        = {2023},
  url         = {https://www.imf.org/en/Publications/WP/Issues/2023/05/15/Capital-Flows-and-Exchange-Rates-in-Emerging-Markets-531085}
}

@online{RBC2024,
  author  = {{РБК Инвестиции}},
  title   = {Как ключевая ставка влияет на рынок акций},
  year    = {2024},
  month   = {March},
  day     = {18},
  url     = {https://quote.rbc.ru/news/article/641527579a79478c1f52e6b3},
  language = {russian},
  urldate = {2025-07-08}
}